
@Book{livro:joao,
	author = {João Sabixão},
	title = {O mundo na minha cabeça},
	publisher = {Babaca},
	year = {2018},
}


@Article{art:dilma,
	author = {Dilma Vanna Roussef},
	title = {A arte de fazer conta},
	journal = {Brasil: Um pais de todos},
	year = {2014},
}


@Book{art:vampirao,
	author = {Michel Elias Nunes Temer},
	title = {Anônima Intimidade},
	publisher = {Brasil: Um país de tolos},
	year = {2016},
}


@InProceedings{conf:alckmin,
	author = {Geraldo Alckmin},
	title = {O sabor da merenda escolar},
	booktitle = {Rodoanel: Uma fonte de renda},
}
